
@article{bbc_google_2012,
	chapter = {Technology},
	title = {Google 'brain' machine spots cats},
	url = {http://www.bbc.co.uk/news/technology-18595351},
	abstract = {A Google research team has trained a network of 1,000 computers wired up like the human brain to recognise cats.},
	urldate = {2013-06-06},
	journal = {{BBC} News},
	author = {{BBC}},
	month = jun,
	year = {2012},
	file = {BBC News Snapshot:/home/mackenza/.mozilla/firefox/w5dcspnj.default/zotero/storage/GX9SSXDE/technology-18595351.html:text/html}
}