
@video{ng_lecture_2008,
	title = {Lecture 1 {\textbar} Machine Learning (Stanford)},
	url = {https://www.youtube.com/watch?v=UzxYlbK2c7E&feature=youtube_gdata_player},
	abstract = {Lecture by Professor Andrew Ng for Machine Learning ({CS} 229) in the Stanford Computer Science department.  Professor Ng provides an overview of the course in this introductory meeting. 

This course provides a broad introduction to machine learning and statistical pattern recognition. Topics include supervised learning, unsupervised learning, learning theory, reinforcement learning and adaptive control.   Recent applications of machine learning, such as to robotic control, data mining, autonomous navigation, bioinformatics, speech recognition, and text and web data processing are also discussed.

Complete Playlist for the Course:
http://www.youtube.com/view\_play\_list?p=A89DCFA6ADACE599

{CS} 229 Course Website:
http://www.stanford.edu/class/cs229/

Stanford University:
http://www.stanford.edu/

Stanford University Channel on {YouTube}:
http://www.youtube.com/stanford},
	editora = {Ng, Andrew},
	editoratype = {collaborator},
	urldate = {2014-11-03},
	date = {2008-07-23}
}

@video{ng_lecture_2008-1,
	title = {Lecture 2 {\textbar} Machine Learning (Stanford)},
	url = {https://www.youtube.com/watch?v=5u4G23_OohI&feature=youtube_gdata_player},
	abstract = {Lecture by Professor Andrew Ng for Machine Learning ({CS} 229) in the Stanford Computer Science department.  Professor Ng lectures on linear regression, gradient descent, and normal equations and discusses how they relate to machine learning. 

This course provides a broad introduction to machine learning and statistical pattern recognition. Topics include supervised learning, unsupervised learning, learning theory, reinforcement learning and adaptive control.   Recent applications of machine learning, such as to robotic control, data mining, autonomous navigation, bioinformatics, speech recognition, and text and web data processing are also discussed.

Complete Playlist for the Course:
http://www.youtube.com/view\_play\_list?p=A89DCFA6ADACE599

{CCS} 229 Course Website:
http://www.stanford.edu/class/cs229/

Stanford University:
http://www.stanford.edu/

Stanford University Channel on {YouTube}:
http://www.youtube.com/stanford},
	editora = {Ng, Andrew},
	editoratype = {collaborator},
	urldate = {2014-11-03},
	date = {2008-07-23}
}

@video{ng_andrew_lecture_2008,
	title = {Lecture 3 {\textbar} Machine Learning (Stanford)},
	url = {https://www.youtube.com/watch?v=HZ4cvaztQEs&feature=youtube_gdata_player},
	abstract = {Help us caption and translate this video on Amara.org: http://www.amara.org/en/v/{BGwS}/

Lecture by Professor Andrew Ng for Machine Learning ({CS} 229) in the Stanford Computer Science department.  Professor Ng delves into locally weighted regression, probabilistic interpretation and logistic regression and how it relates to machine learning. 

This course provides a broad introduction to machine learning and statistical pattern recognition. Topics include supervised learning, unsupervised learning, learning theory, reinforcement learning and adaptive control.   Recent applications of machine learning, such as to robotic control, data mining, autonomous navigation, bioinformatics, speech recognition, and text and web data processing are also discussed.

Complete Playlist for the Course:
http://www.youtube.com/view\_play\_list?p=A89DCFA6ADACE599

{CS} 229 Course Website:
http://www.stanford.edu/class/cs229/

Stanford University:
http://www.stanford.edu/

Stanford University Channel on {YouTube}:
http://www.youtube.com/stanford},
	editora = {Ng, Andrew},
	editoratype = {collaborator},
	urldate = {2014-11-03},
	date = {2008-07-23}
}

@video{ng_lecture_2008-2,
	title = {Lecture 5 {\textbar} Machine Learning (Stanford)},
	url = {https://www.youtube.com/watch?v=qRJ3GKMOFrE&feature=youtube_gdata_player},
	abstract = {Lecture by Professor Andrew Ng for Machine Learning ({CS} 229) in the Stanford Computer Science department.  Professor Ng lectures on generative learning algorithms and Gaussian discriminative analysis and their applications in machine learning. 

This course provides a broad introduction to machine learning and statistical pattern recognition. Topics include supervised learning, unsupervised learning, learning theory, reinforcement learning and adaptive control.   Recent applications of machine learning, such as to robotic control, data mining, autonomous navigation, bioinformatics, speech recognition, and text and web data processing are also discussed.

Complete Playlist for the Course:
http://www.youtube.com/view\_play\_list?p=A89DCFA6ADACE599

{CS} 229 Course Website:
http://www.stanford.edu/class/cs229/

Stanford University:
http://www.stanford.edu/

Stanford University Channel on {YouTube}:
http://www.youtube.com/stanford},
	editora = {Ng, A. Y},
	editoratype = {collaborator},
	urldate = {2014-11-03},
	date = {2008-07-23}
}

@video{ng_andrew_lecture_2008-1,
	title = {Lecture 6 {\textbar} Machine Learning (Stanford)},
	url = {https://www.youtube.com/watch?v=qyyJKd-zXRE&feature=youtube_gdata_player},
	abstract = {Lecture by Professor Andrew Ng for Machine Learning ({CS} 229) in the Stanford Computer Science department.  Professor Ng discusses the applications of naive Bayes, neural networks, and support vector machine. 

This course provides a broad introduction to machine learning and statistical pattern recognition. Topics include supervised learning, unsupervised learning, learning theory, reinforcement learning and adaptive control.   Recent applications of machine learning, such as to robotic control, data mining, autonomous navigation, bioinformatics, speech recognition, and text and web data processing are also discussed.

Complete Playlist for the Course:
http://www.youtube.com/view\_play\_list?p=A89DCFA6ADACE599

{CS} 229 Course Website:
http://www.stanford.edu/class/cs229/

Stanford University:
http://www.stanford.edu/

Stanford University Channel on {YouTube}:
http://www.youtube.com/stanford},
	editora = {Ng, Andrew},
	editoratype = {collaborator},
	urldate = {2014-11-03},
	date = {2008-07-23}
}

@video{ng_lecture_2008-3,
	title = {Lecture 7 {\textbar} Machine Learning (Stanford)},
	url = {https://www.youtube.com/watch?v=s8B4A5ubw6c&feature=youtube_gdata_player},
	abstract = {Help us caption and translate this video on Amara.org: http://www.amara.org/en/v/{zJX}/

Lecture by Professor Andrew Ng for Machine Learning ({CS} 229) in the Stanford Computer Science department.  Professor Ng lectures on optimal margin classifiers, {KKT} conditions, and {SUM} duals. 

This course provides a broad introduction to machine learning and statistical pattern recognition. Topics include supervised learning, unsupervised learning, learning theory, reinforcement learning and adaptive control.   Recent applications of machine learning, such as to robotic control, data mining, autonomous navigation, bioinformatics, speech recognition, and text and web data processing are also discussed.

Complete Playlist for the Course:
http://www.youtube.com/view\_play\_list?p=A89DCFA6ADACE599

{CS} 229 Course Website:
http://www.stanford.edu/class/cs229/

Stanford University:
http://www.stanford.edu/

Stanford University Channel on {YouTube}:
http://www.youtube.com/stanford},
	editora = {Ng, Andrew},
	editoratype = {collaborator},
	urldate = {2014-11-03},
	date = {2008-07-23}
}

@video{ng_lecture_2008-4,
	title = {Lecture 9 {\textbar} Machine Learning (Stanford)},
	url = {https://www.youtube.com/watch?v=tojaGtMPo5U&feature=youtube_gdata_player},
	abstract = {Lecture by Professor Andrew Ng for Machine Learning ({CS} 229) in the Stanford Computer Science department.  Professor Ng delves into learning theory, covering bias, variance, empirical risk minimization, union bound and Hoeffding's inequalities. 

This course provides a broad introduction to machine learning and statistical pattern recognition. Topics include supervised learning, unsupervised learning, learning theory, reinforcement learning and adaptive control.   Recent applications of machine learning, such as to robotic control, data mining, autonomous navigation, bioinformatics, speech recognition, and text and web data processing are also discussed.

Complete Playlist for the Course:
http://www.youtube.com/view\_play\_list?p=A89DCFA6ADACE599

{CS} 229 Course Website:
http://www.stanford.edu/class/cs229/

Stanford University:
http://www.stanford.edu/

Stanford University Channel on {YouTube}:
http://www.youtube.com/stanford},
	editora = {Ng, Andrew},
	editoratype = {collaborator},
	urldate = {2014-11-03},
	date = {2008-07-23}
}

@video{ng_lecture_2008-5,
	title = {Lecture 10 {\textbar} Machine Learning (Stanford)},
	url = {https://www.youtube.com/watch?v=0kWZoyNRxTY&feature=youtube_gdata_player},
	abstract = {Lecture by Professor Andrew Ng for Machine Learning ({CS} 229) in the Stanford Computer Science department.  Professor Ng continues his lecture on learning theory by discussing {VC} dimension and model selection. 

This course provides a broad introduction to machine learning and statistical pattern recognition. Topics include supervised learning, unsupervised learning, learning theory, reinforcement learning and adaptive control.   Recent applications of machine learning, such as to robotic control, data mining, autonomous navigation, bioinformatics, speech recognition, and text and web data processing are also discussed.

Complete Playlist for the Course:
http://www.youtube.com/view\_play\_list?p=A89DCFA6ADACE599

{CS} 229 Course Website:
http://www.stanford.edu/class/cs229/

Stanford University:
http://www.stanford.edu/

Stanford University Channel on {YouTube}:
http://www.youtube.com/stanford},
	editora = {Ng, Andrew},
	editoratype = {collaborator},
	urldate = {2014-11-03},
	date = {2008-07-23}
}

@video{stanford_lecture_2008,
	title = {Lecture 11 {\textbar} Machine Learning (Stanford)},
	url = {https://www.youtube.com/watch?v=sQ8T9b-uGVE&feature=youtube_gdata_player},
	abstract = {Lecture by Professor Andrew Ng for Machine Learning ({CS} 229) in the Stanford Computer Science department.  Professor Ng lectures on Bayesian statistics, regularization, digression-online learning, and the applications of machine learning algorithms. 

This course provides a broad introduction to machine learning and statistical pattern recognition. Topics include supervised learning, unsupervised learning, learning theory, reinforcement learning and adaptive control.   Recent applications of machine learning, such as to robotic control, data mining, autonomous navigation, bioinformatics, speech recognition, and text and web data processing are also discussed.

Complete Playlist for the Course:
http://www.youtube.com/view\_play\_list?p=A89DCFA6ADACE599

{CS} 229 Course Website:
http://www.stanford.edu/class/cs229/

Stanford University:
http://www.stanford.edu/

Stanford University Channel on {YouTube}:
http://www.youtube.com/stanford},
	editora = {{Stanford}},
	editoratype = {collaborator},
	urldate = {2014-11-03},
	date = {2008-07-23}
}

@video{stanford_lecture_2008-1,
	title = {Lecture 12 {\textbar} Machine Learning (Stanford)},
	url = {https://www.youtube.com/watch?v=ZZGTuAkF-Hw&feature=youtube_gdata_player},
	abstract = {Lecture by Professor Andrew Ng for Machine Learning ({CS} 229) in the Stanford Computer Science department.  Professor Ng discusses unsupervised learning in the context of clustering, Jensen's inequality, mixture of Gaussians, and expectation-maximization. 

This course provides a broad introduction to machine learning and statistical pattern recognition. Topics include supervised learning, unsupervised learning, learning theory, reinforcement learning and adaptive control.   Recent applications of machine learning, such as to robotic control, data mining, autonomous navigation, bioinformatics, speech recognition, and text and web data processing are also discussed.

Complete Playlist for the Course:
http://www.youtube.com/view\_play\_list?p=A89DCFA6ADACE599

{CS} 229 Course Website:
http://www.stanford.edu/class/cs229/

Stanford University:
http://www.stanford.edu/

Stanford University Channel on {YouTube}:
http://www.youtube.com/stanford},
	editora = {{Stanford}},
	editoratype = {collaborator},
	urldate = {2014-11-03},
	date = {2008-07-23}
}

@video{stanford_lecture_2008-2,
	title = {Lecture 13 {\textbar} Machine Learning (Stanford)},
	url = {https://www.youtube.com/watch?v=LBtuYU-HfUg&feature=youtube_gdata_player},
	abstract = {Lecture by Professor Andrew Ng for Machine Learning ({CS} 229) in the Stanford Computer Science department.  Professor Ng lectures on expectation-maximization in the context of the mixture of Gaussian and naive Bayes models, as well as factor analysis and digression. 

This course provides a broad introduction to machine learning and statistical pattern recognition. Topics include supervised learning, unsupervised learning, learning theory, reinforcement learning and adaptive control.   Recent applications of machine learning, such as to robotic control, data mining, autonomous navigation, bioinformatics, speech recognition, and text and web data processing are also discussed.

Complete Playlist for the Course:
http://www.youtube.com/view\_play\_list?p=A89DCFA6ADACE599

{CS} 229 Course Website:
http://www.stanford.edu/class/cs229/

Stanford University:
http://www.stanford.edu/

Stanford University Channel on {YouTube}:
http://www.youtube.com/stanford},
	editora = {{Stanford}},
	editoratype = {collaborator},
	urldate = {2014-11-03},
	date = {2008-07-23}
}

@video{stanford_lecture_2008-3,
	title = {Lecture 14 {\textbar} Machine Learning (Stanford)},
	url = {https://www.youtube.com/watch?v=ey2PE5xi9-A&feature=youtube_gdata_player},
	abstract = {Lecture by Professor Andrew Ng for Machine Learning ({CS} 229) in the Stanford Computer Science department.  Professor Ng continues his discussion on factor analysis and expectation-maximization steps, and continues on to discuss principal component analysis ({PCA}). 

This course provides a broad introduction to machine learning and statistical pattern recognition. Topics include supervised learning, unsupervised learning, learning theory, reinforcement learning and adaptive control.   Recent applications of machine learning, such as to robotic control, data mining, autonomous navigation, bioinformatics, speech recognition, and text and web data processing are also discussed.

Complete Playlist for the Course:
http://www.youtube.com/view\_play\_list?p=A89DCFA6ADACE599

{CS} 229 Course Website:
http://www.stanford.edu/class/cs229/

Stanford University:
http://www.stanford.edu/

Stanford University Channel on {YouTube}:
http://www.youtube.com/stanford},
	editora = {{Stanford}},
	editoratype = {collaborator},
	urldate = {2014-11-03},
	date = {2008-07-23}
}

@video{stanford_lecture_2008-4,
	title = {Lecture 15 {\textbar} Machine Learning (Stanford)},
	url = {https://www.youtube.com/watch?v=QGd06MTRMHs&feature=youtube_gdata_player},
	abstract = {Lecture by Professor Andrew Ng for Machine Learning ({CS} 229) in the Stanford Computer Science department.  Professor Ng lectures on principal component analysis ({PCA}) and independent component analysis ({ICA}) in relation to unsupervised machine learning. 

This course provides a broad introduction to machine learning and statistical pattern recognition. Topics include supervised learning, unsupervised learning, learning theory, reinforcement learning and adaptive control.   Recent applications of machine learning, such as to robotic control, data mining, autonomous navigation, bioinformatics, speech recognition, and text and web data processing are also discussed.

Complete Playlist for the Course:
http://www.youtube.com/view\_play\_list?p=A89DCFA6ADACE599

{CS} 229 Course Website:
http://www.stanford.edu/class/cs229/

Stanford University:
http://www.stanford.edu/

Stanford University Channel on {YouTube}:
http://www.youtube.com/stanford},
	editora = {{Stanford}},
	editoratype = {collaborator},
	urldate = {2014-11-03},
	date = {2008-07-23}
}

@video{stanford_lecture_2008-5,
	title = {Lecture 16 {\textbar} Machine Learning (Stanford)},
	url = {https://www.youtube.com/watch?v=RtxI449ZjSc&feature=youtube_gdata_player},
	abstract = {Lecture by Professor Andrew Ng for Machine Learning ({CS} 229) in the Stanford Computer Science department.  Professor Ng discusses the topic of reinforcement learning, focusing particularly on {MDPs}, value functions, and policy and value iteration. 

This course provides a broad introduction to machine learning and statistical pattern recognition. Topics include supervised learning, unsupervised learning, learning theory, reinforcement learning and adaptive control.   Recent applications of machine learning, such as to robotic control, data mining, autonomous navigation, bioinformatics, speech recognition, and text and web data processing are also discussed.

Complete Playlist for the Course:
http://www.youtube.com/view\_play\_list?p=A89DCFA6ADACE599

{CS} 229 Course Website:
http://www.stanford.edu/class/cs229/

Stanford University:
http://www.stanford.edu/

Stanford University Channel on {YouTube}:
http://www.youtube.com/stanford},
	editora = {{Stanford}},
	editoratype = {collaborator},
	urldate = {2014-11-03},
	date = {2008-07-23}
}

@video{stanford_lecture_2008-6,
	title = {Lecture 17 {\textbar} Machine Learning (Stanford)},
	url = {https://www.youtube.com/watch?v=LKdFTsM3hl4&feature=youtube_gdata_player},
	abstract = {Lecture by Professor Andrew Ng for Machine Learning ({CS} 229) in the Stanford Computer Science department.  Professor Ng discusses the topic of reinforcement learning, focusing particularly on continuous state {MDPs}, discretization, and policy and value iterations. 

This course provides a broad introduction to machine learning and statistical pattern recognition. Topics include supervised learning, unsupervised learning, learning theory, reinforcement learning and adaptive control.   Recent applications of machine learning, such as to robotic control, data mining, autonomous navigation, bioinformatics, speech recognition, and text and web data processing are also discussed.

Complete Playlist for the Course:
http://www.youtube.com/view\_play\_list?p=A89DCFA6ADACE599

{CS} 229 Course Website:
http://www.stanford.edu/class/cs229/

Stanford University:
http://www.stanford.edu/

Stanford University Channel on {YouTube}:
http://www.youtube.com/stanford},
	editora = {{Stanford}},
	editoratype = {collaborator},
	urldate = {2014-11-03},
	date = {2008-07-23}
}

@video{ng_lecture_2008-6,
	title = {Lecture 4 {\textbar} Machine Learning (Stanford)},
	url = {https://www.youtube.com/watch?v=nLKOQfKLUks&feature=youtube_gdata_player},
	abstract = {Lecture by Professor Andrew Ng for Machine Learning ({CS} 229) in the Stanford Computer Science department.  Professor Ng lectures on Newton's method, exponential families, and generalized linear models and how they relate to machine learning. 

This course provides a broad introduction to machine learning and statistical pattern recognition. Topics include supervised learning, unsupervised learning, learning theory, reinforcement learning and adaptive control.   Recent applications of machine learning, such as to robotic control, data mining, autonomous navigation, bioinformatics, speech recognition, and text and web data processing are also discussed.

Complete Playlist for the Course:
http://www.youtube.com/view\_play\_list?p=A89DCFA6ADACE599

{CS} 229 Course Website:
http://www.stanford.edu/class/cs229/

Stanford University:
http://www.stanford.edu/

Stanford University Channel on {YouTube}:
http://www.youtube.com/stanford},
	editora = {Ng, Andrew},
	editoratype = {collaborator},
	urldate = {2014-11-03},
	date = {2008-07-23}
}

@video{ng_lecture_2008-7,
	title = {Lecture 8 {\textbar} Machine Learning (Stanford)},
	url = {https://www.youtube.com/watch?v=bUv9bfMPMb4&feature=youtube_gdata_player},
	abstract = {Lecture by Professor Andrew Ng for Machine Learning ({CS} 229) in the Stanford Computer Science department.  Professor Ng continues his lecture about support vector machines, including soft margin optimization and kernels. 

This course provides a broad introduction to machine learning and statistical pattern recognition. Topics include supervised learning, unsupervised learning, learning theory, reinforcement learning and adaptive control.   Recent applications of machine learning, such as to robotic control, data mining, autonomous navigation, bioinformatics, speech recognition, and text and web data processing are also discussed.

Complete Playlist for the Course:
http://www.youtube.com/view\_play\_list?p=A89DCFA6ADACE599

{CS} 229 Course Website:
http://www.stanford.edu/class/cs229/

Stanford University:
http://www.stanford.edu/

Stanford University Channel on {YouTube}:
http://www.youtube.com/stanford},
	editora = {Ng, Andrew},
	editoratype = {collaborator},
	urldate = {2014-11-03},
	date = {2008-07-23}
}

@video{stanford_lecture_2008-7,
	title = {Lecture 19 {\textbar} Machine Learning (Stanford)},
	url = {https://www.youtube.com/watch?v=UFH5ibWnA7g&feature=youtube_gdata_player},
	abstract = {Lecture by Professor Andrew Ng for Machine Learning ({CS} 229) in the Stanford Computer Science department.  Professor Ng lectures on the debugging process, linear quadratic regulation, Kalmer filters, and linear quadratic Gaussian in the context of reinforcement learning. 

This course provides a broad introduction to machine learning and statistical pattern recognition. Topics include supervised learning, unsupervised learning, learning theory, reinforcement learning and adaptive control.   Recent applications of machine learning, such as to robotic control, data mining, autonomous navigation, bioinformatics, speech recognition, and text and web data processing are also discussed.

Complete Playlist for the Course:
http://www.youtube.com/view\_play\_list?p=A89DCFA6ADACE599

{CS} 229 Course Website:
http://www.stanford.edu/class/cs229/

Stanford University:
http://www.stanford.edu/

Stanford University Channel on {YouTube}:
http://www.youtube.com/stanford},
	editora = {{Stanford}},
	editoratype = {collaborator},
	urldate = {2014-11-03},
	date = {2008-07-23}
}

@video{stanford_lecture_2008-8,
	title = {Lecture 20 {\textbar} Machine Learning (Stanford)},
	url = {https://www.youtube.com/watch?v=yCqPMD6coO8&feature=youtube_gdata_player},
	abstract = {Lecture by Professor Andrew Ng for Machine Learning ({CS} 229) in the Stanford Computer Science department.  Professor Ng discusses {POMDPs}, policy search, and Pegasus in the context of reinforcement learning. 

This course provides a broad introduction to machine learning and statistical pattern recognition. Topics include supervised learning, unsupervised learning, learning theory, reinforcement learning and adaptive control.   Recent applications of machine learning, such as to robotic control, data mining, autonomous navigation, bioinformatics, speech recognition, and text and web data processing are also discussed.

Complete Playlist for the Course:
http://www.youtube.com/view\_play\_list?p=A89DCFA6ADACE599

{CS} 229 Course Website:
http://www.stanford.edu/class/cs229/

Stanford University:
http://www.stanford.edu/

Stanford University Channel on {YouTube}:
http://www.youtube.com/stanford},
	editora = {{Stanford}},
	editoratype = {collaborator},
	urldate = {2014-11-03},
	date = {2008-07-23}
}

@video{stanford_lecture_2008-9,
	title = {Lecture 18 {\textbar} Machine Learning (Stanford)},
	url = {https://www.youtube.com/watch?v=-ff6l5D8-j8&feature=youtube_gdata_player},
	abstract = {Lecture by Professor Andrew Ng for Machine Learning ({CS} 229) in the Stanford Computer Science department.  Professor Ng discusses state action rewards, linear dynamical systems in the context of linear quadratic regulation, models, and the Riccati equation, and finite horizon {MDPs}. 

This course provides a broad introduction to machine learning and statistical pattern recognition. Topics include supervised learning, unsupervised learning, learning theory, reinforcement learning and adaptive control.   Recent applications of machine learning, such as to robotic control, data mining, autonomous navigation, bioinformatics, speech recognition, and text and web data processing are also discussed.

Complete Playlist for the Course:
http://www.youtube.com/view\_play\_list?p=A89DCFA6ADACE599

{CS} 229 Course Website:
http://www.stanford.edu/class/cs229/

Stanford University:
http://www.stanford.edu/

Stanford University Channel on {YouTube}:
http://www.youtube.com/stanford},
	editora = {{Stanford}},
	editoratype = {collaborator},
	urldate = {2014-11-03},
	date = {2008-07-23}
}
