
@book{haraway_modest_witnesssecond_millennium._1997,
	address = {New York},
	title = {{Modest\_Witness@Second\_Millennium.} {FemaleMan©\_Meets} {OncoMouse™}},
	lccn = {0000},
	publisher = {Routledge},
	author = {Haraway, Donna J.},
	year = {1997},
	annote = {Haraway, 1997}
}