
@misc{barrett_30_2012,
	title = {30 Under 30 - Technology - Forbes},
	url = {http://www.forbes.com/special-report/2011/30-under30-12/30-under-30-12_technology.html},
	abstract = {Today’s disruptors and tomorrow’s brightest stars from Silicon Valley and beyond.},
	urldate = {2013-01-22},
	journal = {Forbes},
	author = {Barrett, Victoria},
	year = {2012},
	keywords = {30 under 30, Computers, Hackers, Internet, technology},
	howpublished = {http://www.forbes.com/special-report/2011/30-under30-12/30-under-30-12\$0technology.html},
	file = {Snapshot:/home/mackenza/.mozilla/firefox/w5dcspnj.default/zotero/storage/F4F8CM6G/30-under-30-12_technology.html:text/html}
}